<?xml version="1.0" encoding="UTF-8"?><collection xmlns="http://www.loc.gov/MARC21/slim"><record><leader>00447nam--2200145-i-4500</leader><controlfield tag="001">000021564</controlfield><controlfield tag="002">20161230</controlfield><controlfield tag="005">20161230201034</controlfield><controlfield tag="008">060222s1000------------r-----000-0-eng-d</controlfield><datafield ind1=" " ind2=" " tag="080"><subfield code="a">541.57</subfield></datafield><datafield ind1=" " ind2=" " tag="100"><subfield code="a">Hartman, H</subfield></datafield><datafield ind1=" " ind2=" " tag="245"><subfield code="a">Theorie der chemischen bindung auf quantentheoretischer grundlage</subfield></datafield><datafield ind1=" " ind2=" " tag="260"><subfield code="a">Berlin, Springer-verlag, 1954. Vii + 357 P. + 53pl</subfield></datafield><datafield ind1=" " ind2=" " tag="490"><subfield code="a">Struktur Und Eigenschften Der Materie In Einzeldarstellungen</subfield></datafield><datafield ind1=" " ind2=" " tag="852"><subfield code="a">10041</subfield></datafield></record></collection>